@misc{googleFonts,
    author = {{Google Fonts}},
    title = {Google Fonts Icons},
    year = {2023},
    notes = {construction, speed, deployed\_code, settings, question_mark},
    url = {https://fonts.google.com/icons}
}
